
@article{black2024,
	title = {Broadening the horizon in land use change modelling: Normative scenarios for nature positive futures in Switzerland},
	author = {Black, Benjamin and Adde, Antoine and Farinotti, Daniel and Guisan, Antoine and {Külling}, Nathan and Kurmann, Manuel and Martin, Caroline and Mayer, Paula and Rabe, Sven-Erik and Streit, Jan and Zekollari, Harry and {Grêt-Regamey}, Adrienne},
	year = {2024},
	month = {07},
	date = {2024-07-24},
	journal = {Regional Environmental Change},
	pages = {115},
	volume = {24},
	number = {3},
	doi = {10.1007/s10113-024-02261-0},
	langid = {en}
}

